@article{umeyama1991least,
  title={Least-squares estimation of transformation parameters between two point patterns},
  author={Umeyama, Shinji},
  journal={IEEE Transactions on Pattern Analysis \& Machine Intelligence},
  number={4},
  pages={376--380},
  year={1991},
  publisher={IEEE}
}