@article{simon1995navigation,
  title={Navigation satellite selection using neural networks},
  author={Simon, Dan and El-Sherief, Hossny},
  journal={Neurocomputing},
  volume={7},
  number={3},
  pages={247--258},
  year={1995},
  publisher={Elsevier}
},

@article{doong2009closed,
  title={A closed-form formula for GPS GDOP computation},
  author={Doong, Shing H},
  journal={GPS solutions},
  volume={13},
  number={3},
  pages={183--190},
  year={2009},
  publisher={Springer}
},

@article{teng2016closed,
  title={A closed-form formula to calculate geometric dilution of precision (GDOP) for multi-GNSS constellations},
  author={Teng, Yunlong and Wang, Jinling},
  journal={GPS solutions},
  volume={20},
  number={3},
  pages={331--339},
  year={2016},
  publisher={Springer}
}