@article{shiu1989calibration,
  title={Calibration of wrist-mounted robotic sensors by solving homogeneous transform equations of the form AX= XB},
  author={Shiu, Yiu Cheung and Ahmad, Shaheen},
  journal={IEEE Transactions on robotics and automation},
  volume={5},
  number={1},
  pages={16--29},
  year={1989},
  publisher={IEEE}
},

@article{tsai1989new,
  title={A new technique for fully autonomous and efficient 3D robotics hand/eye calibration},
  author={Tsai, Roger Y and Lenz, Reimar K},
  journal={IEEE Transactions on robotics and automation},
  volume={5},
  number={3},
  pages={345--358},
  year={1989},
  publisher={IEEE}
},

@inproceedings{chen1991screw,
  title={A screw motion approach to uniqueness analysis of head-eye geometry},
  author={Chen, Homer H},
  booktitle={Computer Vision and Pattern Recognition, 1991. Proceedings CVPR'91., IEEE Computer Society Conference on},
  pages={145--151},
  year={1991},
  organization={IEEE}
},

@article{park1994robot,
  title={Robot sensor calibration: solving AX= XB on the Euclidean group},
  author={Park, Frank C and Martin, Bryan J},
  journal={IEEE Transactions on Robotics and Automation},
  volume={10},
  number={5},
  pages={717--721},
  year={1994},
  publisher={IEEE}
},

@article{fassi2005hand,
  title={Hand to sensor calibration: A geometrical interpretation of the matrix equation AX= XB},
  author={Fassi, Irene and Legnani, Giovanni},
  journal={Journal of Robotic Systems},
  volume={22},
  number={9},
  pages={497--506},
  year={2005},
  publisher={Wiley Online Library}
},

@article{zhao2009hand,
  title={A hand--eye calibration algorithm based on screw motions},
  author={Zhao, Zijian and Liu, Yuncai},
  journal={Robotica},
  volume={27},
  number={2},
  pages={217--223},
  year={2009},
  publisher={Cambridge University Press}
},


@article{horaud1995hand,
  title={Hand-eye calibration},
  author={Horaud, Radu and Dornaika, Fadi},
  journal={The international journal of robotics research},
  volume={14},
  number={3},
  pages={195--210},
  year={1995},
  publisher={Sage Publications Sage CA: Thousand Oaks, CA}
},

@article{zhao2018simultaneous,
  title={Simultaneous robot-world and hand-eye calibration by the alternative linear programming},
  author={Zhao, Zijian},
  journal={Pattern Recognition Letters},
  year={2018},
  publisher={Elsevier}
},

@inproceedings{zhao2011hand,
  title={Hand-eye calibration using convex optimization},
  author={Zhao, Zijian},
  booktitle={Robotics and Automation (ICRA), 2011 IEEE International Conference on},
  pages={2947--2952},
  year={2011},
  organization={IEEE}
},

@inproceedings{heller2014hand,
  title={Hand-eye and robot-world calibration by global polynomial optimization},
  author={Heller, Jan and Henrion, Didier and Pajdla, Tomas},
  booktitle={Robotics and Automation (ICRA), 2014 IEEE International Conference on},
  pages={3157--3164},
  year={2014},
  organization={IEEE}
},

@misc{tum_hand_eye,
	howpublished={"\url{http://campar.in.tum.de/Chair/HandEyeCalibration}"}
},

@article{daniilidis1999hand,
  title={Hand-eye calibration using dual quaternions},
  author={Daniilidis, Konstantinos},
  journal={The International Journal of Robotics Research},
  volume={18},
  number={3},
  pages={286--298},
  year={1999},
  publisher={SAGE Publications}
},

@inproceedings{daniilidis1996dual,
  title={The dual quaternion approach to hand-eye calibration},
  author={Daniilidis, Konstantinos and Bayro-Corrochano, Eduardo},
  booktitle={icpr},
  pages={318},
  year={1996},
  organization={IEEE}
},

@inproceedings{schmidt2003robust,
  title={Robust hand--eye calibration of an endoscopic surgery robot using dual quaternions},
  author={Schmidt, Jochen and Vogt, Florian and Niemann, Heinrich},
  booktitle={Joint Pattern Recognition Symposium},
  pages={548--556},
  year={2003},
  organization={Springer}
},
@inproceedings{vogt2004vector,
  title={Vector quantization based data selection for hand-eye calibration},
  author={Vogt, Jochen Schmidt Florian and Niemann, Heinrieh},
  booktitle={Vision, Modeling, and Visualization 2004: Proceedings, November 16-18, 2004, Standford, USA},
  pages={21},
  year={2004},
  organization={IOS Press}
},

@inproceedings{andreff1999line,
  title={On-line hand-eye calibration},
  author={Andreff, Nicolas and Horaud, Radu and Espiau, Bernard},
  booktitle={3-D Digital Imaging and Modeling, 1999. Proceedings. Second International Conference on},
  pages={430--436},
  year={1999},
  organization={IEEE}
},

@inproceedings{schmidt2005calibration,
  title={Calibration--free hand--eye calibration: a structure--from--motion approach},
  author={Schmidt, Jochen and Vogt, Florian and Niemann, Heinrich},
  booktitle={Joint Pattern Recognition Symposium},
  pages={67--74},
  year={2005},
  organization={Springer}
},

@inproceedings{malti2010robust,
  title={Robust hand-eye calibration for computer aided medical endoscopy},
  author={Malti, Abed and Barreto, Joao P},
  booktitle={Robotics and Automation (ICRA), 2010 IEEE International Conference on},
  pages={5543--5549},
  year={2010},
  organization={IEEE}
},

@article{pachtrachai2018adjoint,
  title={Adjoint transformation algorithm for hand--eye calibration with applications in robotic assisted surgery},
  author={Pachtrachai, Krittin and Vasconcelos, Francisco and Chadebecq, Fran{\c{c}}ois and Allan, Max and Hailes, Stephen and Pawar, Vijay and Stoyanov, Danail},
  journal={Annals of biomedical engineering},
  volume={46},
  number={10},
  pages={1606--1620},
  year={2018},
  publisher={Springer}
},

@article{2018_Giamou_Certifiably,
  abstract = {We present a certifiably globally optimal algo- rithm for determining the extrinsic calibration between two sensors that are capable of producing independent egomotion estimates. This problem has been previously solved using a variety of techniques, including local optimization approaches that have no formal global optimality guarantees. We use a quadratic objective function to formulate calibration as a quadratically constrained quadratic program (QCQP). By leveraging recent advances in the optimization of QCQPs, we are able to use existing semidefinite program (SDP) solvers to obtain a certifiably global optimum via the Lagrangian dual problem. Our problem formulation can be globally optimized by existing general-purpose solvers in less than a second, regardless of the number of measurements available and the noise level. This enables a variety of robotic platforms to rapidly and robustly compute and certify a globally optimal set of calibration parameters without a prior estimate or operator intervention. We compare the performance of our approach with a local solver on extensive simulations and a real dataset. Finally, we present necessary observability conditions that connect our approach to recent theoretical results and analytically support the empirical performance of our system.},
  author = {Matthew Giamou and Ziye Ma and Valentin Peretroukhin and Jonathan Kelly},
  journal = {{IEEE} Robotics and Automation Letters},
  keywords = {cvjournalsub},
  note = {Submitted},
  title = {Certifiably Globally Optimal Extrinsic Calibration from Per-Sensor Egomotion},
  url = {https://arxiv.org/abs/1809.03554},
  year = {2018}
},

@inproceedings{liu2017speed,
  title={Speed profile planning in dynamic environments via temporal optimization},
  author={Liu, Changliu and Zhan, Wei and Tomizuka, Masayoshi},
  booktitle={Intelligent Vehicles Symposium (IV), 2017 IEEE},
  pages={154--159},
  year={2017},
  organization={IEEE}
},

@article{liu2017real,
	Author = {Liu, Changliu and Tomizuka, Masayoshi},
	Journal = {System \& Control Letters},
	Pages = {56 -- 63},
	Title = {Real Time Trajectory Optimization for Nonlinear Robotic Systems: Relaxation and Convexification},
	Volume = {108},
	Year = {2017}
},

@article{tabb2017solving,
  title={Solving the robot-world hand-eye (s) calibration problem with iterative methods},
  author={Tabb, Amy and Yousef, Khalil M Ahmad},
  journal={Machine Vision and Applications},
  volume={28},
  number={5-6},
  pages={569--590},
  year={2017},
  publisher={Springer}
},

@inproceedings{shah2012overview,
  title={An overview of robot-sensor calibration methods for evaluation of perception systems},
  author={Shah, Mili and Eastman, Roger D and Hong, Tsai},
  booktitle={Proceedings of the Workshop on Performance Metrics for Intelligent Systems},
  pages={15--20},
  year={2012},
  organization={ACM}
},

@article{brookshire2013extrinsic,
  title={Extrinsic calibration from per-sensor egomotion},
  author={Brookshire, Jonathan and Teller, Seth},
  journal={Robotics: Science and Systems VIII},
  pages={504--512},
  year={2013},
  publisher={MIT Press}
},

@inproceedings{furrer2018evaluation,
  title={Evaluation of combined time-offset estimation and hand-eye calibration on robotic datasets},
  author={Furrer, Fadri and Fehr, Marius and Novkovic, Tonci and Sommer, Hannes and Gilitschenski, Igor and Siegwart, Roland},
  booktitle={Field and Service Robotics},
  pages={145--159},
  year={2018},
  organization={Springer}
},

@article{chou1991finding,
  title={Finding the position and orientation of a sensor on a robot manipulator using quaternions},
  author={Chou, Jack CK and Kamel, M},
  journal={The international journal of robotics research},
  volume={10},
  number={3},
  pages={240--254},
  year={1991},
  publisher={Sage Publications Sage CA: Thousand Oaks, CA}
},

@inproceedings{hartley1995defence,
  title={In defence of the 8-point algorithm},
  author={Hartley, Richard I},
  booktitle={Computer Vision, 1995. Proceedings., Fifth International Conference on},
  pages={1064--1070},
  year={1995},
  organization={IEEE}
},

@inproceedings{nister2003efficient,
  title={An efficient solution to the five-point relative pose problem},
  author={Nister, David},
  booktitle={Computer Vision and Pattern Recognition, 2003. Proceedings. 2003 IEEE Computer Society Conference on},
  volume={2},
  pages={II--195},
  year={2003},
  organization={IEEE}
},

@inproceedings{li2006five,
  title={Five-point motion estimation made easy},
  author={Li, Hongdong and Hartley, Richard},
  booktitle={Pattern Recognition, 2006. ICPR 2006. 18th International Conference on},
  volume={1},
  pages={630--633},
  year={2006},
  organization={IEEE}
},

@article{triggs2000routines,
  title={Routines for relative pose of two calibrated cameras from 5 points},
  author={Triggs, Bill},
  year={2000}
},

@article{nister2004efficient,
  title={An efficient solution to the five-point relative pose problem},
  author={Nist{\'e}r, David},
  journal={IEEE transactions on pattern analysis and machine intelligence},
  volume={26},
  number={6},
  pages={756--770},
  year={2004},
  publisher={IEEE}
},