@article{mahony2008nonlinear,
  title={Nonlinear complementary filters on the special orthogonal group},
  author={Mahony, Robert and Hamel, Tarek and Pflimlin, Jean-Michel},
  journal={IEEE Transactions on automatic control},
  volume={53},
  number={5},
  pages={1203--1218},
  year={2008},
  publisher={IEEE}
}