@article{pop00001,
	author = {V Lepetit and F Moreno-Noguer and P Fua},
	title = {EPnP: An Accurate O(n) Solution to the PnP Problem},
	journal = {International journal of computer …},
	publisher = {Springer},
	url = {https://link.springer.com/article/10.1007/s11263-008-0152-6},
	year = {2009},
	note = {1128 cites: https://scholar.google.com/scholar?cites=4822530738955529878\&as_sdt=2005\&sciodt=0,5\&hl=en},
	note = {Query date: 2019-01-22},
}
@article{pop00002,
	author = {F Moreno-Noguer and V Lepetit and ...},
	title = {Accurate non-iterative o (n) solution to the pnp problem},
	journal = {Computer vision, 2007 …},
	publisher = {ieeexplore.ieee.org},
	url = {https://ieeexplore.ieee.org/abstract/document/4409116/},
	year = {2007},
	note = {319 cites: https://scholar.google.com/scholar?cites=9798122919266085632\&as_sdt=2005\&sciodt=0,5\&hl=en},
	note = {Query date: 2019-01-22},
}
@article{pop00003,
	author = {JA Hesch and SI Roumeliotis},
	title = {A direct least-squares (DLS) method for PnP},
	journal = {Computer Vision (ICCV), 2011 IEEE …},
	publisher = {ieeexplore.ieee.org},
	url = {https://ieeexplore.ieee.org/abstract/document/6126266/},
	year = {2011},
	note = {160 cites: https://scholar.google.com/scholar?cites=11019744480008262900\&as_sdt=2005\&sciodt=0,5\&hl=en},
	note = {Query date: 2019-01-22},
}
@article{pop00004,
	author = {G Schweighofer and A Pinz},
	type = {PDF},
	title = {Globally Optimal O (n) Solution to the PnP Problem for General Camera Models.},
	journal = {BMVC},
	publisher = {bmva.org},
	url = {http://www.bmva.org/bmvc/2008/papers/31.pdf},
	year = {2008},
	note = {117 cites: https://scholar.google.com/scholar?cites=3920470849864203389\&as_sdt=2005\&sciodt=0,5\&hl=en},
	note = {Query date: 2019-01-22},
}
@article{pop00005,
	author = {Y Zheng and Y Kuang and S Sugimoto and K Astrom and ...},
	title = {Revisiting the pnp problem: A fast, general and optimal solution},
	journal = {Proceedings of the …},
	publisher = {cv-foundation.org},
	url = {https://www.cv-foundation.org/openaccess/content_iccv_2013/html/Zheng_Revisiting_the_PnP_2013_ICCV_paper.html},
	year = {2013},
	note = {130 cites: https://scholar.google.com/scholar?cites=17014983358633403327\&as_sdt=2005\&sciodt=0,5\&hl=en},
	note = {Query date: 2019-01-22},
}
@article{pop00006,
	author = {L Ferraz and X Binefa and ...},
	title = {Very fast solution to the pnp problem with algebraic outlier rejection},
	journal = {Proceedings of the IEEE …},
	publisher = {cv-foundation.org},
	url = {https://www.cv-foundation.org/openaccess/content_cvpr_2014/html/Ferraz_Very_Fast_Solution_2014_CVPR_paper.html},
	year = {2014},
	note = {68 cites: https://scholar.google.com/scholar?cites=14483370092453420959\&as_sdt=2005\&sciodt=0,5\&hl=en},
	note = {Query date: 2019-01-22},
}
@article{pop00007,
	author = {V Garro and F Crosilla and A Fusiello},
	title = {Solving the pnp problem with anisotropic orthogonal procrustes analysis},
	journal = {3D Imaging, Modeling …},
	publisher = {ieeexplore.ieee.org},
	url = {https://ieeexplore.ieee.org/abstract/document/6375003/},
	year = {2012},
	note = {43 cites: https://scholar.google.com/scholar?cites=1211246649884497006\&as_sdt=2005\&sciodt=0,5\&hl=en},
	note = {Query date: 2019-01-22},
}
@book{pop00008,
	author = {L Ferraz and X Binefa and F Moreno-Noguer},
	title = {Leveraging feature uncertainty in the PnP problem},
	publisher = {digital.csic.es},
	url = {http://digital.csic.es/handle/10261/127620},
	year = {2014},
	note = {13 cites: https://scholar.google.com/scholar?cites=13042949160261757272\&as_sdt=2005\&sciodt=0,5\&hl=en},
	note = {Query date: 2019-01-22},
}
@article{pop00009,
	author = {G Nakano},
	type = {PDF},
	title = {Globally Optimal DLS Method for PnP Problem with Cayley parameterization.},
	journal = {BMVC},
	publisher = {pdfs.semanticscholar.org},
	url = {https://pdfs.semanticscholar.org/178f/93a5b67c7edc119346e5e241e245cdad612d.pdf},
	year = {2015},
	note = {10 cites: https://scholar.google.com/scholar?cites=9378060574215379164\&as_sdt=2005\&sciodt=0,5\&hl=en},
	note = {Query date: 2019-01-22},
}
@article{pop00010,
	author = {G Nakano},
	title = {A versatile approach for solving PnP, PnPf, and PnPfr problems},
	journal = {European Conference on Computer Vision},
	publisher = {Springer},
	url = {https://link.springer.com/chapter/10.1007/978-3-319-46487-9_21},
	year = {2016},
	note = {5 cites: https://scholar.google.com/scholar?cites=13143089403008044107\&as_sdt=2005\&sciodt=0,5\&hl=en},
	note = {Query date: 2019-01-22},
}
@article{pop00011,
	author = {Y Wu and Z Hu},
	title = {PnP problem revisited},
	journal = {Journal of Mathematical Imaging and Vision},
	publisher = {Springer},
	url = {https://link.springer.com/article/10.1007/s10851-005-3617-z},
	year = {2006},
	note = {100 cites: https://scholar.google.com/scholar?cites=4867191510067390522\&as_sdt=2005\&sciodt=0,5\&hl=en},
	note = {Query date: 2019-01-22},
}
@article{pop00012,
	author = {Y Zheng and L Kneip},
	title = {A direct least-squares solution to the pnp problem with unknown focal length},
	journal = {Proceedings of the IEEE Conference on …},
	publisher = {cv-foundation.org},
	url = {https://www.cv-foundation.org/openaccess/content_cvpr_2016/html/Zheng_A_Direct_Least-Squares_CVPR_2016_paper.html},
	year = {2016},
	note = {3 cites: https://scholar.google.com/scholar?cites=8649295273219855118\&as_sdt=2005\&sciodt=0,5\&hl=en},
	note = {Query date: 2019-01-22},
}
@article{pop00013,
	author = {T Pylvänäinen and L Fan and V Lepetit},
	title = {Revisiting the PnP Problem with a GPS},
	journal = {International Symposium on Visual …},
	publisher = {Springer},
	url = {https://link.springer.com/chapter/10.1007/978-3-642-10331-5_76},
	year = {2009},
	note = {2 cites: https://scholar.google.com/scholar?cites=12453372506993075638\&as_sdt=2005\&sciodt=0,5\&hl=en},
	note = {Query date: 2019-01-22},
}
@article{pop00014,
	author = {L D'Alfonso and E Garone and P Muraca and ...},
	title = {On the use of IMUs in the PnP Problem},
	journal = {… and Automation (ICRA) …},
	publisher = {ieeexplore.ieee.org},
	url = {https://ieeexplore.ieee.org/abstract/document/6906963/},
	year = {2014},
	note = {2 cites: https://scholar.google.com/scholar?cites=6550640960171259533\&as_sdt=2005\&sciodt=0,5\&hl=en},
	note = {Query date: 2019-01-22},
}
@article{pop00015,
	author = {L D'Alfonso and E Garone and P Muraca and ...},
	title = {On the use of the inclinometers in the PnP Problem},
	journal = {… (ECC), 2013 European},
	publisher = {ieeexplore.ieee.org},
	url = {https://ieeexplore.ieee.org/abstract/document/6669852/},
	year = {2013},
	note = {2 cites: https://scholar.google.com/scholar?cites=11451347881998815913\&as_sdt=2005\&sciodt=0,5\&hl=en},
	note = {Query date: 2019-01-22},
}
@article{pop00016,
	author = {T Hamel and C Samson},
	title = {Riccati Observers for the Nonstationary PnP Problem},
	journal = {IEEE Transactions on Automatic Control},
	publisher = {ieeexplore.ieee.org},
	url = {https://ieeexplore.ieee.org/abstract/document/7976330/},
	year = {2018},
	note = {5 cites: https://scholar.google.com/scholar?cites=18291288455498536830\&as_sdt=2005\&sciodt=0,5\&hl=en},
	note = {Query date: 2019-01-22},
}
@article{pop00017,
	author = {L Ferraz Colomina and X Binefa and ...},
	title = {Leveraging feature uncertainty in the PnP problem},
	journal = {Proceedings of the …},
	publisher = {upcommons.upc.edu},
	url = {https://upcommons.upc.edu/handle/2117/76828},
	year = {2014},
	note = {Query date: 2019-01-22},
}
@article{pop00018,
	author = {S Hadfield and K Lebeda and R Bowden},
	title = {HARD-PnP: PnP Optimization Using a Hybrid Approximate Representation},
	journal = {IEEE transactions on Pattern …},
	publisher = {epubs.surrey.ac.uk},
	url = {http://epubs.surrey.ac.uk/id/eprint/845787},
	year = {2018},
	note = {Query date: 2019-01-22},
}
@article{pop00019,
	author = {B Wang and F Sun},
	title = {The Motion Dynamics Approach to the PnP Problem},
	journal = {… (ICPR), 2010 20th International Conference on},
	publisher = {ieeexplore.ieee.org},
	url = {https://ieeexplore.ieee.org/abstract/document/5597486/},
	year = {2010},
	note = {Query date: 2019-01-22},
}
@article{pop00020,
	author = {L Ferraz Colomina and X Binefa and F Moreno-Noguer},
	title = {Very fast solution to the PnP problem with algebraic outlier rejection},
	journal = {recercat.cat},
	url = {https://www.recercat.cat/handle/2072/254023},
	note = {Query date: 2019-01-22},
}
